@book{hastie2009elements,
  title={The Elements of Statistical Learning: Data Mining, Inference, and Prediction},
  author={Hastie, T. and Tibshirani, R. and Friedman, J.H.},
  isbn={9780387848846},
  lccn={2008941148},
  series={Springer series in statistics},
  url={https://books.google.no/books?id=eBSgoAEACAAJ},
  year={2009},
  publisher={Springer}
}

@book{Goodfellow-et-al-2016,
    title={Deep Learning},
    author={Ian Goodfellow and Yoshua Bengio and Aaron Courville},
    publisher={MIT Press},
    note={\url{http://www.deeplearningbook.org}},
    year={2016}
}

@book{lay2016linear,
  title={Linear Algebra and Its Applications},
  author={Lay, D.C. and Lay, S.R. and McDonald, J.},
  isbn={9781292092232},
  lccn={2014011617},
  series={Always Learning},
  url={https://books.google.no/books?id=CeL5rQEACAAJ},
  year={2016},
  publisher={Pearson Education Limited}
}


@book{weinberg2008cosmology,
  title={Cosmology},
  author={Weinberg, S.},
  isbn={9780191523601},
  series={Cosmology},
  url={https://books.google.no/books?id=nqQZdg020fsC},
  year={2008},
  publisher={OUP Oxford}
}

@book{dodelson2020modern,
  title={Modern Cosmology},
  author={Dodelson, S. and Schmidt, F.},
  isbn={9780128159484},
  lccn={2020936396},
  url={https://books.google.no/books?id=GGjfywEACAAJ},
  year={2020},
  publisher={Elsevier Science}
}

@book{carroll2019spacetime,
  title={Spacetime and Geometry},
  author={Carroll, S.M.},
  isbn={9781108488396},
  lccn={2019038160},
  url={https://books.google.no/books?id=PTGdDwAAQBAJ},
  year={2019},
  publisher={Cambridge University Press}
}