@book{weinberg2008cosmology,
  title={Cosmology},
  author={Weinberg, S.},
  isbn={9780191523601},
  series={Cosmology},
  url={https://books.google.no/books?id=nqQZdg020fsC},
  year={2008},
  publisher={OUP Oxford}
}

@book{dodelson2020modern,
  title={Modern Cosmology},
  author={Dodelson, S. and Schmidt, F.},
  isbn={9780128159484},
  lccn={2020936396},
  url={https://books.google.no/books?id=GGjfywEACAAJ},
  year={2020},
  publisher={Elsevier Science}
}

@article{Betoule_2014,
	doi = {10.1051/0004-6361/201423413},
  
	url = {https://doi.org/10.1051%2F0004-6361%2F201423413},
  
	year = 2014,
	month = {aug},
  
	publisher = {{EDP} Sciences},
  
	volume = {568},
  
	pages = {A22},
  
	author = {M. Betoule and R. Kessler and J. Guy and J. Mosher and D. Hardin and R. Biswas and P. Astier and P. El-Hage and M. Konig and S. Kuhlmann and J. Marriner and R. Pain and N. Regnault and C. Balland and B. A. Bassett and P. J. Brown and H. Campbell and R. G. Carlberg and F. Cellier-Holzem and D. Cinabro and A. Conley and C. B. D'Andrea and D. L. DePoy and M. Doi and R. S. Ellis and S. Fabbro and A. V. Filippenko and R. J. Foley and J. A. Frieman and D. Fouchez and L. Galbany and A. Goobar and R. R. Gupta and G. J. Hill and R. Hlozek and C. J. Hogan and I. M. Hook and D. A. Howell and S. W. Jha and L. Le Guillou and G. Leloudas and C. Lidman and J. L. Marshall and A. Möller and A. M. Mour{\~{a}}o and J. Neveu and R. Nichol and M. D. Olmstead and N. Palanque-Delabrouille and S. Perlmutter and J. L. Prieto and C. J. Pritchet and M. Richmond and A. G. Riess and V. Ruhlmann-Kleider and M. Sako and K. Schahmaneche and D. P. Schneider and M. Smith and J. Sollerman and M. Sullivan and N. A. Walton and C. J. Wheeler},
  
	title = {Improved cosmological constraints from a joint analysis of the {SDSS}-{II} and {SNLS} supernova samples},
  
	journal = {Astronomy {\&} Astrophysics}
}

@misc{https://doi.org/10.48550/arxiv.astro-ph/0606683,
  doi = {10.48550/ARXIV.ASTRO-PH/0606683},
  
  url = {https://arxiv.org/abs/astro-ph/0606683},
  
  author = {Callin, Petter},
  
  keywords = {Astrophysics (astro-ph), FOS: Physical sciences, FOS: Physical sciences},
  
  title = {How to calculate the CMB spectrum},
  
  publisher = {arXiv},
  
  year = {2006},
  
  copyright = {Assumed arXiv.org perpetual, non-exclusive license to distribute this article for submissions made before January 2004}
}

@misc{AST5220LectureNotes,
  author = {Winther, Hans A. and Eriksen, Hans K. and Elgaroy, Oystein and Mota, David F. and Ihle, Havard},
  title = {Cosmology II},
  year = {2023},
  howpublished = {\url{https://cmb.wintherscoming.no/}},
  note = {Accessed on March 1, 2023}
}


@article{Ma_1995,
	doi = {10.1086/176550},
  
	url = {https://doi.org/10.1086%2F176550},
  
	year = 1995,
	month = {dec},
  
	publisher = {American Astronomical Society},
  
	volume = {455},
  
	pages = {7},
  
	author = {Chung-Pei Ma and Edmund Bertschinger},
  
	title = {Cosmological Perturbation Theory in the Synchronous and Conformal Newtonian Gauges},
  
	journal = {The Astrophysical Journal}
}

@article{Planck2020,
	doi = {10.1051/0004-6361/201833910},
  
	url = {https://doi.org/10.1051%2F0004-6361%2F201833910},
  
	year = 2020,
	month = {sep},
  
	publisher = {{EDP} Sciences},
  
	volume = {641},
  
	pages = {A6},
  
	author = {N. Aghanim and Y. Akrami and M. Ashdown and J. Aumont and C. Baccigalupi and M. Ballardini and A. J. Banday and R. B. Barreiro and N. Bartolo and S. Basak and R. Battye and K. Benabed and J.-P. Bernard and M. Bersanelli and P. Bielewicz and J. J. Bock and J. R. Bond and J. Borrill and F. R. Bouchet and F. Boulanger and M. Bucher and C. Burigana and R. C. Butler and E. Calabrese and J.-F. Cardoso and J. Carron and A. Challinor and H. C. Chiang and J. Chluba and L. P. L. Colombo and C. Combet and D. Contreras and B. P. Crill and F. Cuttaia and P. de Bernardis and G. de Zotti and J. Delabrouille and J.-M. Delouis and E. Di Valentino and J. M. Diego and O. Dor{\'{e}
} and M. Douspis and A. Ducout and X. Dupac and S. Dusini and G. Efstathiou and F. Elsner and T. A. En{\ss}lin and H. K. Eriksen and Y. Fantaye and M. Farhang and J. Fergusson and R. Fernandez-Cobos and F. Finelli and F. Forastieri and M. Frailis and A. A. Fraisse and E. Franceschi and A. Frolov and S. Galeotta and S. Galli and K. Ganga and R. T. G{\'{e}}nova-Santos and M. Gerbino and T. Ghosh and J. Gonz{\'{a}}lez-Nuevo and K. M. G{\'{o}}rski and S. Gratton and A. Gruppuso and J. E. Gudmundsson and J. Hamann and W. Handley and F. K. Hansen and D. Herranz and S. R. Hildebrandt and E. Hivon and Z. Huang and A. H. Jaffe and W. C. Jones and A. Karakci and E. Keihänen and R. Keskitalo and K. Kiiveri and J. Kim and T. S. Kisner and L. Knox and N. Krachmalnicoff and M. Kunz and H. Kurki-Suonio and G. Lagache and J.-M. Lamarre and A. Lasenby and M. Lattanzi and C. R. Lawrence and M. Le Jeune and P. Lemos and J. Lesgourgues and F. Levrier and A. Lewis and M. Liguori and P. B. Lilje and M. Lilley and V. Lindholm and M. L{\'{o}}pez-Caniego and P. M. Lubin and Y.-Z. Ma and J. F. Mac{\'{\i}}as-P{\'{e}}rez and G. Maggio and D. Maino and N. Mandolesi and A. Mangilli and A. Marcos-Caballero and M. Maris and P. G. Martin and M. Martinelli and E. Mart{\'{\i}}nez-Gonz{\'{a}}lez and S. Matarrese and N. Mauri and J. D. McEwen and P. R. Meinhold and A. Melchiorri and A. Mennella and M. Migliaccio and M. Millea and S. Mitra and M.-A. Miville-Desch{\^{e}}nes and D. Molinari and L. Montier and G. Morgante and A. Moss and P. Natoli and H. U. N{\o}rgaard-Nielsen and L. Pagano and D. Paoletti and B. Partridge and G. Patanchon and H. V. Peiris and F. Perrotta and V. Pettorino and F. Piacentini and L. Polastri and G. Polenta and J.-L. Puget and J. P. Rachen and M. Reinecke and M. Remazeilles and A. Renzi and G. Rocha and C. Rosset and G. Roudier and J. A. Rubi{\~{n}}o-Mart{\'{\i}}n and B. Ruiz-Granados and L. Salvati and M. Sandri and M. Savelainen and D. Scott and E. P. S. Shellard and C. Sirignano and G. Sirri and L. D. Spencer and R. Sunyaev and A.-S. Suur-Uski and J. A. Tauber and D. Tavagnacco and M. Tenti and L. Toffolatti and M. Tomasi and T. Trombetti and L. Valenziano and J. Valiviita and B. Van Tent and L. Vibert and P. Vielva and F. Villa and N. Vittorio and B. D. Wandelt and I. K. Wehus and M. White and S. D. M. White and A. Zacchei and A. Zonca},
  
	title = {$\less$i$\greater$Planck$\less$/i$\greater$2018 results},
  
	journal = {Astronomy {\&} Astrophysics}
}

@book{carroll_2019,
	place = {Cambridge},
	title = {Spacetime and Geometry: An Introduction to General Relativity},
	DOI = {10.1017/9781108770385},
	publisher = {Cambridge University Press},
	author = {Carroll, Sean M},
	year = {2019}
}


@article{Seljak_1996,
	doi = {10.1086/177793},
  
	url = {https://doi.org/10.1086%2F177793},
  
	year = 1996,
	month = {oct},
  
	publisher = {American Astronomical Society},
  
	volume = {469},
  
	pages = {437},
  
	author = {Uros Seljak and Matias Zaldarriaga},
  
	title = {A Line-of-Sight Integration Approach to Cosmic Microwave Background Anisotropies},
  
	journal = {The Astrophysical Journal}
}


@article{Chabanier_2019,
	doi = {10.1093/mnras/stz2310},
  
	url = {https://doi.org/10.1093%2Fmnras%2Fstz2310},
  
	year = 2019,
	month = {aug},
  
	publisher = {Oxford University Press ({OUP})},
  
	volume = {489},
  
	number = {2},
  
	pages = {2247--2253},
  
	author = {Sol{\`{e}}ne Chabanier and Marius Millea and Nathalie Palanque-Delabrouille},
  
	title = {Matter power spectrum: from Ly~$\upalpha$ forest to {CMB} scales},
  
	journal = {Monthly Notices of the Royal Astronomical Society}
}

@article{Hlozek_2012,
	doi = {10.1088/0004-637x/749/1/90},
  
	url = {https://doi.org/10.1088%2F0004-637x%2F749%2F1%2F90},
  
	year = 2012,
	month = {mar},
  
	publisher = {American Astronomical Society},
  
	volume = {749},
  
	number = {1},
  
	pages = {90},
  
	author = {Ren{\'{e}}e Hlozek and Joanna Dunkley and Graeme Addison and John William Appel and J. Richard Bond and C. Sofia Carvalho and Sudeep Das and Mark J. Devlin and Rolando Dünner and Thomas Essinger-Hileman and Joseph W. Fowler and Patricio Gallardo and Amir Hajian and Mark Halpern and Matthew Hasselfield and Matt Hilton and Adam D. Hincks and John P. Hughes and Kent D. Irwin and Jeff Klein and Arthur Kosowsky and Tobias A. Marriage and Danica Marsden and Felipe Menanteau and Kavilan Moodley and Michael D. Niemack and Michael R. Nolta and Lyman A. Page and Lucas Parker and Bruce Partridge and Felipe Rojas and Neelima Sehgal and Blake Sherwin and Jon Sievers and David N. Spergel and Suzanne T. Staggs and Daniel S. Swetz and Eric R. Switzer and Robert Thornton and Ed Wollack},
  
	title = {{THE} {ATACAMA} {COSMOLOGY} {TELESCOPE}: A {MEASUREMENT} {OF} {THE} {PRIMORDIAL} {POWER} {SPECTRUM}},
  
	journal = {The Astrophysical Journal}
}

@book{Piattella_2018,
	doi = {10.1007/978-3-319-95570-4},
  
	url = {https://doi.org/10.1007%2F978-3-319-95570-4},
  
	year = 2018,
	publisher = {Springer International Publishing},
  
	author = {Oliver Piattella},
  
	title = {Lecture Notes in Cosmology}
}

@article{Hu_1996,
	doi = {10.1086/177989},
  
	url = {https://doi.org/10.1086%2F177989},
  
	year = 1996,
	month = {nov},
  
	publisher = {American Astronomical Society},
  
	volume = {471},
  
	number = {2},
  
	pages = {542--570},
  
	author = {Wayne Hu and Naoshi Sugiyama},
  
	title = {Small-Scale Cosmological Perturbations: An Analytic Approach},
  
	journal = {The Astrophysical Journal}
}