@ARTICLE{2016JCAP...07..053A,
       author = {{Adamek}, Julian and {Daverio}, David and {Durrer}, Ruth and {Kunz}, Martin},
        title = "{gevolution: a cosmological N-body code based on General Relativity}",
      journal = {\jcap},
     keywords = {Astrophysics - Cosmology and Nongalactic Astrophysics, General Relativity and Quantum Cosmology, Physics - Computational Physics},
         year = 2016,
        month = jul,
       volume = {2016},
       number = {7},
          eid = {053},
        pages = {053},
          doi = {10.1088/1475-7516/2016/07/053},
archivePrefix = {arXiv},
       eprint = {1604.06065},
 primaryClass = {astro-ph.CO},
       adsurl = {https://ui.adsabs.harvard.edu/abs/2016JCAP...07..053A},
      adsnote = {Provided by the SAO/NASA Astrophysics Data System}
}

@ARTICLE{2012PhRvD..85f3512G,
       author = {{Green}, Stephen R. and {Wald}, Robert M.},
        title = "{Newtonian and relativistic cosmologies}",
      journal = {\prd},
     keywords = {98.80.Jk, 04.20.-q, 04.25.-g, Mathematical and relativistic aspects of cosmology, Classical general relativity, Approximation methods, equations of motion, General Relativity and Quantum Cosmology, Astrophysics - Cosmology and Extragalactic Astrophysics},
         year = 2012,
        month = mar,
       volume = {85},
       number = {6},
          eid = {063512},
        pages = {063512},
          doi = {10.1103/PhysRevD.85.063512},
archivePrefix = {arXiv},
       eprint = {1111.2997},
 primaryClass = {gr-qc},
       adsurl = {https://ui.adsabs.harvard.edu/abs/2012PhRvD..85f3512G},
      adsnote = {Provided by the SAO/NASA Astrophysics Data System}
}

@ARTICLE{2012PhRvD..85b3504J,
       author = {{Jeong}, Donghui and {Schmidt}, Fabian and {Hirata}, Christopher M.},
        title = "{Large-scale clustering of galaxies in general relativity}",
      journal = {\prd},
     keywords = {98.65.Dx, 98.80.Jk, Superclusters, large-scale structure of the Universe, Mathematical and relativistic aspects of cosmology, Astrophysics - Cosmology and Nongalactic Astrophysics},
         year = 2012,
        month = jan,
       volume = {85},
       number = {2},
          eid = {023504},
        pages = {023504},
          doi = {10.1103/PhysRevD.85.023504},
archivePrefix = {arXiv},
       eprint = {1107.5427},
 primaryClass = {astro-ph.CO},
       adsurl = {https://ui.adsabs.harvard.edu/abs/2012PhRvD..85b3504J},
      adsnote = {Provided by the SAO/NASA Astrophysics Data System}
}

@ARTICLE{2011PhRvD..83l3505C,
       author = {{Chisari}, Nora Elisa and {Zaldarriaga}, Matias},
        title = "{Connection between Newtonian simulations and general relativity}",
      journal = {\prd},
     keywords = {98.80.-k, 98.62.Py, 98.65.-r, 98.80.Jk, Cosmology, Distances redshifts radial velocities, spatial distribution of galaxies, Galaxy groups clusters and superclusters, large scale structure of the Universe, Mathematical and relativistic aspects of cosmology, Astrophysics - Cosmology and Extragalactic Astrophysics, General Relativity and Quantum Cosmology},
         year = 2011,
        month = jun,
       volume = {83},
       number = {12},
          eid = {123505},
        pages = {123505},
          doi = {10.1103/PhysRevD.83.123505},
archivePrefix = {arXiv},
       eprint = {1101.3555},
 primaryClass = {astro-ph.CO},
       adsurl = {https://ui.adsabs.harvard.edu/abs/2011PhRvD..83l3505C},
      adsnote = {Provided by the SAO/NASA Astrophysics Data System}
}

