@article{Seljak_1996,
	doi = {10.1086/177793},
  
	url = {https://doi.org/10.1086%2F177793},
  
	year = 1996,
	month = {oct},
  
	publisher = {American Astronomical Society},
  
	volume = {469},
  
	pages = {437},
  
	author = {Uros Seljak and Matias Zaldarriaga},
  
	title = {A Line-of-Sight Integration Approach to Cosmic Microwave Background Anisotropies},
  
	journal = {The Astrophysical Journal}
}